@article{cook,
       author={Cook, R.D. and B. Li and F. Chiaromonte},
       title={Envelope models for parsimonious and efficient Multivariate Linear Regression},
       journal={Stat. Sinica},
       volume={20},
       year = 2010,
       pages = {927-1010}
}

@book{crc,
       author={Soderman, J.V.},
       title={{CRC} Handbook of Identified Carcinogens and Noncarcinogens: Carcinogenicity-Mutagenicity Database},
       year =1982 ,
       publisher = {CRC Press},
       address = {Boca Raton, FL}
}

@article{cook,
       author={Cook, R.D. and B. Li and F. Chiaromonte},
       title={Envelope models for parsimonious and efficient Multivariate Linear Regression},
       journal={Statistica Sinica},
       volume={20},
       year = 2010,
       pages = {927-1010}
}

@article{cook,
       author={Cook, R.D. and B. Li and F. Chiaromonte},
       title={Envelope models for parsimonious and efficient Multivariate Linear Regression},
       journal={Stat. Sinica},
       volume={20},
       year = 2010,
       pages = {927-1010}
}

@article{hawk,
       author={Hawkins, D.M. and S.C. Basak and D. Mills},
       title={{QSAR}s for chemical mutagens from structure: ridge regression fitting and diagnostics},
       journal={Environ. Toxicol. Pharmacol.},
       volume={16},
       year = 2004,
       pages = {37-44}
}

@article{majum,
       author={Majumdar, S. and S.C. Basak and G.D. Grunwald},
       title={Adapting Interrelated Two-Way Clustering Method for {Q}uantitative {S}tructure-{A}ctivity Relationship ({QSAR}) Modeling of Mutagenicity/ Non-Mutagenicity of a Diverse Set of Chemicals},
       journal={Curr. Comput. Aided Drug Des.},
       volume={9},
       year = 2013,
       pages = {463-471}
}

@article{fish,
       author={Fisher, R.A.},
       title={The Use of Multiple Measurements in Taxonomic Problems},
       journal={Annals of Eug.},
       volume={7},
       year = 1936,
       pages = {179-188}
}

@book{matlab,
year = {2010},
author = {MATLAB},
title = {version 7.10.0 (R2010a)},
publisher = {The MathWorks Inc.},
address = {Natick, Massachusetts}
}

@article{supsvd,
       author={Li, G. and D. Yang and H. Shen and A.B. Nobel},
       title={{S}upervised {S}ingular {V}alue {D}ecomposition and Its Asymptotic Properties},
       journal={Technometrics},
       volume={Submitted},
       year = {}
       pages = {}
}

@incollection{m85,
       author={Maskin, Eric S.},
       year={1985},
       title={The theory of implementation in {N}ash equilibrium: a survey},
       booktitle={Social Goals and Social Organization},
       editor={Leonid Hurwicz and David Schmeidler and Hugo Sonnenschein},
       pages={173-204},
       publisher={Cambridge University Press},
       addess={Cambridge}
}

@inproceedings{Huetal2000,
	author = "J. Hu, and H.R. Wu and A. Jennings and X. Wang",
	title = "Fast and robust equalization: A case study",
	booktitle = "Proceedings of the World Multiconference on Systemics, Cybernetics and Informatics, (SCI 2000), Florida, USA, 			23-26 July 2000",
	publisher = "International Institute of Informatics and Systemics", 
	address = "FL, USA",
	pages = "398--403",
	year = "2000"
}